@book{bringhurst1996ets,
  title={{The Elements of Typographic Style}},
  author={Bringhurst, Robert},
  year={1996},
  publisher={Hartley \& Marks}
}

@Article{SIAMJC:GroSah12,
  title =   "Efficient Noninteractive Proof Systems for Bilinear
         Groups",
  author =  "Jens Groth and Amit Sahai",
  journal = "SIAM J. Comput",
  year =    "2012",
  number =  "5",
  volume =  "41",
  bibdate = "2012-12-07",
  bibsource =   "DBLP,
         http://dblp.uni-trier.de/db/journals/siamcomp/siamcomp41.html#GrothS12",
  pages =   "1193--1232",
  URL =     "http://dx.doi.org/10.1137/080725386",
}
